<?xml version="1.0" encoding="UTF-8"?><collection xmlns="http://www.loc.gov/MARC21/slim"><record><leader>00381nam--2200121-i-4500</leader><controlfield tag="001">000041409</controlfield><controlfield tag="002">20161230</controlfield><controlfield tag="005">20161230201043</controlfield><controlfield tag="008">060222s1000------------r-----000-0-eng-d</controlfield><datafield ind1=" " ind2=" " tag="245"><subfield code="a">Possibilites d`action dans le domaine de l`energie nucleaire. /rapport  du conseil de oece, 1956</subfield></datafield><datafield ind1=" " ind2=" " tag="260"><subfield code="a">Paris, Oece, 1956, 74p</subfield></datafield><datafield ind1=" " ind2=" " tag="490"><subfield code="a">Groupe De Travail Sur L`Energie Nucleaire</subfield></datafield><datafield ind1=" " ind2=" " tag="852"><subfield code="a">11952</subfield></datafield></record></collection>